<?xml version="1.0" encoding="UTF-8"?><collection xmlns="http://www.loc.gov/MARC21/slim"><record><leader>00442nam--2200133-i-4500</leader><controlfield tag="001">000023762</controlfield><controlfield tag="002">20161230</controlfield><controlfield tag="005">20161230201035</controlfield><controlfield tag="008">060222s1000------------r-----000-0-eng-d</controlfield><datafield ind1=" " ind2=" " tag="080"><subfield code="a">547(083.72)</subfield></datafield><datafield ind1=" " ind2=" " tag="100"><subfield code="a">Hallpap, P.Von, Liebscher, Und Wiesner, E</subfield></datafield><datafield ind1=" " ind2=" " tag="245"><subfield code="a">Nomenklatur organischer verbindungen leipzig, akademische verlagsgesellschaft gest &amp; portig k.- g., 1978. 199 p</subfield></datafield><datafield ind1=" " ind2=" " tag="260"><subfield code="a">Chemie 8 Lehrprogrmmbucher Hochschulstud</subfield></datafield><datafield ind1=" " ind2=" " tag="852"><subfield code="a">45643</subfield></datafield></record></collection>